@article{base,
author = { Franck Courchamp and Dominique Pontier and Michel Langlais and Marc Artois}, 
year = 1995 ,
title = { Population Dynamics of Feline Immunodeficiency Virus within Cat Populations },
journal = {Journal of Theoretical Biology},
volume = 175, 
issue = 4,
pages = {553-560},
address = {\url{https://www.sciencedirect.com/science/article/pii/S0022519385701634}
}
}

@article{franck,
author = { Franck Courchamp and Christelle Suppo and Emmanuelle Fromont and Catherine Bouloux}, 
year = 1997 ,
title = {Dynamics of two feline retroviruses (FIV and FeLV)
within one population of cats},
journal = {Biological sciences},
volume = 264,
pages = {785–794},
address = {\url{https://www.ncbi.nlm.nih.gov/pmc/articles/PMC1688431/pdf/9225475.pdf}
}
}

@article{estocastico,
author = { Jingli Li and Meijing Shan and Malay Banerjee and Weiming Wang}, 
year = 2016 ,
title = {Stochastic dynamics of feline immunodeficiency virus
within cat populations},
journal = {Journal of The Franklin Institute},
volume = 353,
pages = {4191–4212},
address = {\url{https://www.sciencedirect.com/science/article/abs/pii/S0016003216302691}
}
}


@article{difusao,
author = { Frank M. Hilker and Michel Langlais and Sergei V. Petrovskii and Horst Malchow}, 
year = 2007 ,
title = {A diffusive SI model with Allee effect and application to FIV},
journal = {Mathematical Biosciences},
volume = 206,
pages = {61-80},
address = {\url{https://www.sciencedirect.com/science/article/abs/pii/S0025556405002038}
}
}

@article{te,
author = {  Bruno Marques Texeira and A. Reche Junior and Mitika Kuribayashi Hagiwara}, 
year = 2010,
title = {Virus da imunodeficiência felina - uma atualização},
journal = {Clínica veterinária},
volume = 15, 
pages = {54-56},
address = {\url{http://producao.usp.br/bitstream/handle/BDPI/1763/art_RECHE_JUNIOR_Virus_da_imunod
eficiencia_felina_2010_pdf.pdf?sequence=1}}
}

@article{rayane,
author = {Rayane Jardim Goncalves}, 
year = 2019 ,
title = {Virus da imunodeficiência felina e vírus da eucemia felina},
address = {\url{https://dspace.uniceplac.edu.br/bitstream/123456789/203/1/Rayane_Gon\%C3\%A7alves_0002586.pdf}},
journal = {.}
}

@article{santos,
author = {D. L. Santos and R. Luca and A. M. Lallo},
year = 2013,
title = {Epidemiologia da imunodeficiência viral,
leucemia viral e peritonite infecciosa em felinos procedentes de um hospital veterinário.},
journal = {Ciências Agrárias Ambiental},
volume = {11},
issue = 2,
pages = {161-168}
}

@article{gomes,
author = {Caroline Cavalcante Maia Gomes},
year = 2013,
title = {GUARDA RESPONSáVEL DE ANIMAIS DE COMPANHIA:
Um estudo sobre a responsabilidade civil dos proprietários e a entrega de cães e gatos na
Diretoria de Vigilância Ambiental do Distrito Federal.
},
address = {\url{https://bdm.unb.br/bitstream/10483/5985/1/2013_CarolineCavalcanteMaiaGomes.pdf}}
}

@article{liberg,
author = {O. Liberg},
year = 1981,
title = {Predation and social behaviour in a population
of domestic cats. An evolutionary perspective.
}}

@article{pontier,
author = {D. Pontier},
year = 1984,
title = {Contribution a` la biologie et a` la ge´ ne´ tique des
populations de chats domestiques (Felis catus)
}}

@article{azevedo,
author = {V. L. N. Azevedo},
year = 2008,
title = {Lesões de reabsorção odontoclástica felina e sua associação a gatos
positivos aos vírus da leucemia (FeLV) e da imunodeficiências (FIV) felinas
}}

@article{arlin,
author = {Arlin Bernardes Rogers and Edward Aroton Hoover},
year = 1991,
title = {Clinical overview of Feline Immunodeficiency Virus
},
journal = {JAVMA}
}

@article{pederson,
author = {N. C. Pederson and J. E. Barlough},
year = 1998,
title = {Maternal-Fetal Feline Immunodeficiency Virus Transmission: Timing and Tissue Tropisms},
journal = {The Journal of Infectious Diseases}
}

@article{anderson,
author = {Anderson and May},
year = 1991,
title = {Infectious Diseases of Humans}
}

@article{helmut,
author = {Maurício Vogels and Rita Zoeckler and Donald M. Stasiw and  Lawrence C. Cerny},
year = 1975,
title = {P. F. Verhulst's “notice sur la loi que la populations suit dans son accroissement” from correspondence mathematique et physique. Ghent, vol. X, 1838.},
pages = {183–192}, 
volume = 3, 
journal = {Physical Biolo~rieal Sciences}
}
