
@book{anderson,
  title={Doenças infecciosas de humanos: dinâmica e controle},
  author={Anderson, Roy M e May, Robert M},
  ano={1992},
  publisher={Oxford University Press}
}

@article{helmut,
  title={PF Verhulst's “notice sur la loi que la populations suit dans son accroissement” from correspondence mathematique et physique. Ghent, vol. X, 1838},
  author={Vogels, Maurice and Zoeckler, Rita and Stasiw, Donald M and Cerny, Lawrence C},
  journal={Journal of Biological Physics},
  volume={3},
  number={4},
  pages={183--192},
  year={1975},
  publisher={Springer}
}

@article{base,
  title={Population dynamics of feline immunodeficiency virus within cat populations},
  author={Courchamp, Franck and Pontier, Dominique and Langlais, Michel and Artois, Marc},
  journal={Journal of Theoretical Biology},
  volume={175},
  number={4},
  pages={553--560},
  year={1995},
  publisher={Elsevier}
}

@article{franck,
  title={Dinâmica de dois retrovírus felinos (FIV e FeLV) em uma população de gatos},
  author={Courchamp, Franck e Suppo, Christelle e Fromont, Emmanuelle e Bouloux, Catherine},
  journal={Proceedings of the Royal Society of London. Série B: Ciências Biológicas},
  volume={264},
  número={1383},
  páginas={785--794},
  ano={1997},
  publisher={The Royal Society}
}

@article{gomes,
  title={Guarda respons{\'a}vel de animais de companhia: Um estudo sobre a responsabilidade civil dos propriet{\'a}rios e a entrega de c{\~a}es e gatos na Diretoria de Vigil{\^a}ncia Ambiental do Distrito Federal},
  author={Gomes, Caroline Cavalcante Maia},
  year={2013}
}

@article{rayane,
  title={V{\'\i}rus da imunodefici{\^e}ncia felina e v{\'\i}rus da leucemia felina},
  author={Gon{\c{c}}alves, Rayane Jardim},
  year={2019}
}

@artigo{difusao,
  title={Um modelo SI difusivo com efeito Allee e aplicação a FIV},
  author={Hilker, Frank M e Langlais, Michel e Petrovskii, Sergei V e Malchow, Horst},
  journal={Biociências Matemáticas},
  volume={206},
  número={1},
  páginas={61--80},
  ano={2007},
  editor={Elsevier}
}

@artigo{vertical2,
title = {Natural transmission of feline immunodeficiency virus from infected queen to kitten},
author = {Sde O Medeiros, AN Martins, CG Dias, A Tanuri, Rde M Brindeiro},
year = {2012}
}

@artigo{vertical,
title = {No evidence of vertical transmission of naturally acquired feline immunodeficiency virus infection},
author = {Ueland, Nesse},
year = {1992}
}

@artigo{estocastico,
  title={Dinâmica estocástica do vírus da imunodeficiência felina em populações de gatos},
  author={Li, Jingli e Shan, Meijing e Banerjee, Malay e Wang, Weiming},
  journal={Journal of the Franklin Institute},
  volume={353},
  número={16},
  páginas={4191--4212},
  ano={2016},
  editor={Elsevier}
}